  @misc{normal_distribution_wiki_page,
  author = {{Wikipedia contributors}},
  title  = {Normal distribution --- {Wikipedia}{,} The Free Encyclopedia},
  year   = {2024},
  url    = {https://en.wikipedia.org/w/index.php?title=Normal_distribution&oldid=1239300278},
  note   = {[Online; accessed 12-August-2024]}
}

@misc{latex_project_website,
  author = {{LaTeX Project}},
  title  = {LaTeX - A document preparation system},
  url    = {https://www.latex-project.org/},
  note   = {[Online; accessed 12-August-2024]}
}